@article{kim2012study,
  title={A Study on Self Assessment of Mobile Secure Coding},
  author={Kim, Dong-Won and Han, Keun-Hee},
  journal={Journal of The Korea Institute of Information Security \& Cryptology},
  volume={22},
  number={4},
  pages={901--911},
  year={2012},
  publisher={Korea Institute of Information Security and Cryptology}
}

@article{weichbroth2020mobile,
  title={Mobile security: Threats and best practices},
  author={Weichbroth, Pawe{\l} and {\L}ysik, {\L}ukasz},
  journal={Mobile Information Systems},
  volume={2020},
  pages={1--15},
  year={2020},
  publisher={Hindawi Limited}
}

@inproceedings{meng2018secure,
  title={Secure mobile software development with vulnerability detectors in static code analysis},
  author={Meng, Xianyong and Qian, Kai and Lo, Dan and Bhattacharya, Prabir and Wu, Fan},
  booktitle={2018 International Symposium on Networks, Computers and Communications (ISNCC)},
  pages={1--4},
  year={2018},
  organization={IEEE}
}

@inproceedings{lalande2019teaching,
  title={Teaching android mobile security},
  author={Lalande, Jean-Fran{\c{c}}ois and Viet Triem Tong, Val{\'e}rie and Graux, Pierre and Hiet, Guillaume and Mazurczyk, Wojciech and Chaoui, Habiba and Berthom{\'e}, Pascal},
  booktitle={Proceedings of the 50th ACM Technical Symposium on Computer Science Education},
  pages={232--238},
  year={2019}
}

@inproceedings{meng2018secure,
  title={Secure coding practices in java: Challenges and vulnerabilities},
  author={Meng, Na and Nagy, Stefan and Yao, Danfeng and Zhuang, Wenjie and Argoty, Gustavo Arango},
  booktitle={Proceedings of the 40th International Conference on Software Engineering},
  pages={372--383},
  year={2018}
}